
<srw:record>
<srw:recordSchema>marcxchange</srw:recordSchema>
<srw:recordPacking>xml</srw:recordPacking>
<srw:recordData>
<mxc:record xmlns:mxc="info:lc/xmlns/marcxchange-v2" format="INTERMARC" id="ark:/12148/cb13926543n" type="Authority">   <mxc:leader>00436c1 au22000272  45  </mxc:leader>   <mxc:controlfield tag="001">FRBNF139265430</mxc:controlfield>   <mxc:controlfield tag="003">http://catalogue.bnf.fr/ark:/12148/cb13926543n</mxc:controlfield>   <mxc:controlfield tag="008">900521961202yyger li        1822      ....                   1   </mxc:controlfield>   <mxc:datafield tag="048" ind1=" " ind2=" ">      <mxc:subfield code="a">vz01</mxc:subfield>      <mxc:subfield code="a">ka01</mxc:subfield>   </mxc:datafield>   <mxc:datafield tag="100" ind1=" " ind2=" ">      <mxc:subfield code="3">13899553</mxc:subfield>      <mxc:subfield code="1">ISNI0000000120958492</mxc:subfield>      <mxc:subfield code="w"> 0  b     </mxc:subfield>      <mxc:subfield code="a">Schubert</mxc:subfield>      <mxc:subfield code="m">Franz</mxc:subfield>      <mxc:subfield code="d">1797-1828</mxc:subfield>   </mxc:datafield>   <mxc:datafield tag="144" ind1="1" ind2=" ">      <mxc:subfield code="w">....b.....</mxc:subfield>      <mxc:subfield code="a">Herrn Josef von Spaun, Assessor in Linz</mxc:subfield>      <mxc:subfield code="k">D 749</mxc:subfield>   </mxc:datafield>   <mxc:datafield tag="444" ind1="1" ind2=" ">      <mxc:subfield code="w">....b.....</mxc:subfield>      <mxc:subfield code="a">Und nimmer schreibst du ?</mxc:subfield>      <mxc:subfield code="k">D 749</mxc:subfield>   </mxc:datafield>   <mxc:datafield tag="600" ind1=" " ind2=" ">      <mxc:subfield code="a">Texte de Matthäus von Collin</mxc:subfield>   </mxc:datafield>   <mxc:datafield tag="600" ind1=" " ind2=" ">      <mxc:subfield code="a">Date de composition : 18220100</mxc:subfield>   </mxc:datafield>   <mxc:datafield tag="600" ind1=" " ind2=" ">      <mxc:subfield code="a">Éd. : 1850</mxc:subfield>   </mxc:datafield>   <mxc:datafield tag="610" ind1=" " ind2=" ">      <mxc:subfield code="a">Deutsch</mxc:subfield>   </mxc:datafield>   <mxc:datafield tag="917" ind1=" " ind2=" ">      <mxc:subfield code="o">OPC</mxc:subfield>      <mxc:subfield code="a">100569730</mxc:subfield>   </mxc:datafield>
</mxc:record>      </srw:recordData>
<srw:recordIdentifier>ark:/12148/cb13926543n</srw:recordIdentifier>
<srw:recordPosition>2</srw:recordPosition>
<srw:extraRecordData>
<ixm:attr name="CreationDate">19900521</ixm:attr>
<ixm:attr name="LastModificationDate">20101108</ixm:attr>
<mn:score>1.8017349</mn:score>
</srw:extraRecordData>
</srw:record>