
<srw:record>
<srw:recordSchema>marcxchange</srw:recordSchema>
<srw:recordPacking>xml</srw:recordPacking>
<srw:recordData>
<mxc:record xmlns:mxc="info:lc/xmlns/marcxchange-v2" format="INTERMARC" id="ark:/12148/cb139266835" type="Authority">   <mxc:leader>01075c0 au22000272  45  </mxc:leader>   <mxc:controlfield tag="001">FRBNF139266831</mxc:controlfield>   <mxc:controlfield tag="003">http://catalogue.bnf.fr/ark:/12148/cb139266835</mxc:controlfield>   <mxc:controlfield tag="008">900528131120yyfre opc       1828                             010 </mxc:controlfield>   <mxc:datafield tag="048" ind1=" " ind2=" ">      <mxc:subfield code="b">va02</mxc:subfield>      <mxc:subfield code="b">vb02</mxc:subfield>      <mxc:subfield code="b">vd01</mxc:subfield>      <mxc:subfield code="b">ve01</mxc:subfield>      <mxc:subfield code="b">vf01</mxc:subfield>      <mxc:subfield code="a">cn01</mxc:subfield>      <mxc:subfield code="a">oa01</mxc:subfield>   </mxc:datafield>   <mxc:datafield tag="100" ind1=" " ind2=" ">      <mxc:subfield code="3">13899201</mxc:subfield>      <mxc:subfield code="1">ISNI000000012127560X</mxc:subfield>      <mxc:subfield code="w">.0..b.....</mxc:subfield>      <mxc:subfield code="a">Rossini</mxc:subfield>      <mxc:subfield code="m">Gioachino</mxc:subfield>      <mxc:subfield code="d">1792-1868</mxc:subfield>   </mxc:datafield>   <mxc:datafield tag="144" ind1="1" ind2=" ">      <mxc:subfield code="w">....b.fre.</mxc:subfield>      <mxc:subfield code="a">Le comte Ory</mxc:subfield>   </mxc:datafield>   <mxc:datafield tag="301" ind1="6" ind2=" ">      <mxc:subfield code="3">17321096</mxc:subfield>      <mxc:subfield code="a">Rosellen</mxc:subfield>      <mxc:subfield code="m">Henri</mxc:subfield>      <mxc:subfield code="d">1811-1876</mxc:subfield>      <mxc:subfield code="t">[Souvenir du Comte Ory de G. Rossini : fantaisie brillante. Op. 78]</mxc:subfield>   </mxc:datafield>   <mxc:datafield tag="301" ind1="2" ind2=" ">      <mxc:subfield code="3">17073864</mxc:subfield>      <mxc:subfield code="a">Lamotte</mxc:subfield>      <mxc:subfield code="m">Antony</mxc:subfield>      <mxc:subfield code="d">1819-1912</mxc:subfield>      <mxc:subfield code="t">[Quadrilles. Rossini, Gioachino. Le comte Ory]</mxc:subfield>   </mxc:datafield>   <mxc:datafield tag="320" ind1=" " ind2=" ">      <mxc:subfield code="3">14438108</mxc:subfield>      <mxc:subfield code="9">145</mxc:subfield>      <mxc:subfield code="a">Scribe</mxc:subfield>      <mxc:subfield code="m">Eugène</mxc:subfield>      <mxc:subfield code="d">1791-1861</mxc:subfield>      <mxc:subfield code="t">Le comte Ory (livret d'opéra)</mxc:subfield>   </mxc:datafield>   <mxc:datafield tag="600" ind1=" " ind2=" ">      <mxc:subfield code="a">Opéra comique en 2 actes</mxc:subfield>      <mxc:subfield code="a">Livret de Eugène Scribe et Charles-Gaspard Delestre-Poirson</mxc:subfield>      <mxc:subfield code="a">1re représentation : Paris, Académie royale de musique, le 20 août 1828</mxc:subfield>   </mxc:datafield>   <mxc:datafield tag="608" ind1=" " ind2=" ">      <mxc:subfield code="b">la comtesse Adèle, Alice (sopranos)</mxc:subfield>      <mxc:subfield code="b">Isolier, Ragonde (mezzo-sopranos)</mxc:subfield>      <mxc:subfield code="b">le comte Ory (ténor)</mxc:subfield>      <mxc:subfield code="b">Raimbaud (baryton)</mxc:subfield>      <mxc:subfield code="b">le Gouverneur (basse)</mxc:subfield>   </mxc:datafield>   <mxc:datafield tag="610" ind1=" " ind2=" ">      <mxc:subfield code="a">Dictionnaire des oeuvres de l'art vocal</mxc:subfield>      <mxc:subfield code="a">Grove opera</mxc:subfield>   </mxc:datafield>   <mxc:datafield tag="624" ind1=" " ind2=" ">      <mxc:subfield code="a">780</mxc:subfield>   </mxc:datafield>   <mxc:datafield tag="907" ind1=" " ind2=" ">      <mxc:subfield code="o">GEA</mxc:subfield>      <mxc:subfield code="a">005362626</mxc:subfield>   </mxc:datafield>   <mxc:datafield tag="917" ind1=" " ind2=" ">      <mxc:subfield code="o">OPL</mxc:subfield>      <mxc:subfield code="a">010369191</mxc:subfield>   </mxc:datafield>   <mxc:datafield tag="917" ind1=" " ind2=" ">      <mxc:subfield code="o">OPC</mxc:subfield>      <mxc:subfield code="a">100571180</mxc:subfield>   </mxc:datafield>   <mxc:datafield tag="917" ind1=" " ind2=" ">      <mxc:subfield code="o">OPD</mxc:subfield>      <mxc:subfield code="a">100267750</mxc:subfield>      <mxc:subfield code="b">AMA</mxc:subfield>   </mxc:datafield>   <mxc:datafield tag="996" ind1=" " ind2=" ">      <mxc:subfield code="o">OPP</mxc:subfield>      <mxc:subfield code="a">16304220</mxc:subfield>      <mxc:subfield code="d">20131120</mxc:subfield>   </mxc:datafield>   <mxc:datafield tag="996" ind1=" " ind2=" ">      <mxc:subfield code="o">OPP</mxc:subfield>      <mxc:subfield code="a">17321886</mxc:subfield>      <mxc:subfield code="d">20200109</mxc:subfield>   </mxc:datafield>
</mxc:record>      </srw:recordData>
<srw:recordIdentifier>ark:/12148/cb139266835</srw:recordIdentifier>
<srw:recordPosition>3</srw:recordPosition>
<srw:extraRecordData>
<ixm:attr name="CreationDate">19900528</ixm:attr>
<ixm:attr name="LastModificationDate">20200109</ixm:attr>
<mn:score>1.8017349</mn:score>
</srw:extraRecordData>
</srw:record>