
<srw:record>
<srw:recordSchema>marcxchange</srw:recordSchema>
<srw:recordPacking>xml</srw:recordPacking>
<srw:recordData>
<mxc:record xmlns:mxc="info:lc/xmlns/marcxchange-v2" format="INTERMARC" id="ark:/12148/cb13926633m" type="Authority">   <mxc:leader>00868c1 au22000272  45  </mxc:leader>   <mxc:controlfield tag="001">FRBNF13926633X</mxc:controlfield>   <mxc:controlfield tag="003">http://catalogue.bnf.fr/ark:/12148/cb13926633m</mxc:controlfield>   <mxc:controlfield tag="008">900523130328yyeng or        1747      1748                   1   </mxc:controlfield>   <mxc:datafield tag="048" ind1=" " ind2=" ">      <mxc:subfield code="a">va01</mxc:subfield>      <mxc:subfield code="a">vc01</mxc:subfield>      <mxc:subfield code="a">vd02</mxc:subfield>      <mxc:subfield code="a">vf01</mxc:subfield>      <mxc:subfield code="a">cn01</mxc:subfield>      <mxc:subfield code="a">oa01</mxc:subfield>      <mxc:subfield code="a">zb01</mxc:subfield>   </mxc:datafield>   <mxc:datafield tag="100" ind1=" " ind2=" ">      <mxc:subfield code="3">13987321</mxc:subfield>      <mxc:subfield code="1">ISNI0000000122759702</mxc:subfield>      <mxc:subfield code="w">.0..b.ger.</mxc:subfield>      <mxc:subfield code="a">Händel</mxc:subfield>      <mxc:subfield code="m">Georg Friedrich</mxc:subfield>      <mxc:subfield code="d">1685-1759</mxc:subfield>   </mxc:datafield>   <mxc:datafield tag="144" ind1="1" ind2=" ">      <mxc:subfield code="w">....b.....</mxc:subfield>      <mxc:subfield code="a">Joshua</mxc:subfield>      <mxc:subfield code="k">HWV 64</mxc:subfield>   </mxc:datafield>   <mxc:datafield tag="302" ind1=" " ind2=" ">      <mxc:subfield code="3">15770384</mxc:subfield>      <mxc:subfield code="a">Händel</mxc:subfield>      <mxc:subfield code="m">Georg Friedrich</mxc:subfield>      <mxc:subfield code="d">1685-1759</mxc:subfield>      <mxc:subfield code="t">[Joshua. HWV 64. No 14. Our limpid streams with freedom flow]</mxc:subfield>   </mxc:datafield>   <mxc:datafield tag="322" ind1="6" ind2=" ">      <mxc:subfield code="3">13607547</mxc:subfield>      <mxc:subfield code="9">100</mxc:subfield>      <mxc:subfield code="w">.0 .b.....</mxc:subfield>      <mxc:subfield code="a">Morell</mxc:subfield>      <mxc:subfield code="m">Thomas</mxc:subfield>      <mxc:subfield code="d">1703-1784</mxc:subfield>   </mxc:datafield>   <mxc:datafield tag="444" ind1="1" ind2=" ">      <mxc:subfield code="w">....b.....</mxc:subfield>      <mxc:subfield code="a">Joshua</mxc:subfield>      <mxc:subfield code="k">HHH I 26</mxc:subfield>   </mxc:datafield>   <mxc:datafield tag="600" ind1=" " ind2=" ">      <mxc:subfield code="a">Oratorio en 3 actes</mxc:subfield>      <mxc:subfield code="a">Livret attribué à Thomas Morell</mxc:subfield>      <mxc:subfield code="a">Date de composition : 1747</mxc:subfield>      <mxc:subfield code="a">Créé à Londres, Royal Theatre, Covent Garden, le 9 mars 1748</mxc:subfield>   </mxc:datafield>   <mxc:datafield tag="608" ind1=" " ind2=" ">      <mxc:subfield code="b">Achsah (soprano)</mxc:subfield>      <mxc:subfield code="b">Othniel (alto)</mxc:subfield>      <mxc:subfield code="b">Joshua, un ange (ténor)</mxc:subfield>      <mxc:subfield code="b">Caleb (basse)</mxc:subfield>   </mxc:datafield>   <mxc:datafield tag="610" ind1=" " ind2=" ">      <mxc:subfield code="a">Händel Handbuch</mxc:subfield>   </mxc:datafield>   <mxc:datafield tag="917" ind1=" " ind2=" ">      <mxc:subfield code="o">OPC</mxc:subfield>      <mxc:subfield code="a">100570650</mxc:subfield>   </mxc:datafield>   <mxc:datafield tag="917" ind1=" " ind2=" ">      <mxc:subfield code="o">OPD</mxc:subfield>      <mxc:subfield code="a">100170710</mxc:subfield>      <mxc:subfield code="b">ATUM</mxc:subfield>   </mxc:datafield>   <mxc:datafield tag="996" ind1=" " ind2=" ">      <mxc:subfield code="o">OPP</mxc:subfield>      <mxc:subfield code="a">14794074</mxc:subfield>      <mxc:subfield code="d">20080929</mxc:subfield>   </mxc:datafield>   <mxc:datafield tag="996" ind1=" " ind2=" ">      <mxc:subfield code="o">OPP</mxc:subfield>      <mxc:subfield code="a">13862636</mxc:subfield>      <mxc:subfield code="d">20111221</mxc:subfield>   </mxc:datafield>   <mxc:datafield tag="996" ind1=" " ind2=" ">      <mxc:subfield code="o">OPP</mxc:subfield>      <mxc:subfield code="a">16303612</mxc:subfield>      <mxc:subfield code="d">20130328</mxc:subfield>   </mxc:datafield>
</mxc:record>      </srw:recordData>
<srw:recordIdentifier>ark:/12148/cb13926633m</srw:recordIdentifier>
<srw:recordPosition>5</srw:recordPosition>
<srw:extraRecordData>
<ixm:attr name="CreationDate">19900523</ixm:attr>
<ixm:attr name="LastModificationDate">20130328</ixm:attr>
<mn:score>1.8017349</mn:score>
</srw:extraRecordData>
</srw:record>