
<srw:record>
<srw:recordSchema>marcxchange</srw:recordSchema>
<srw:recordPacking>xml</srw:recordPacking>
<srw:recordData>
<mxc:record xmlns:mxc="info:lc/xmlns/marcxchange-v2" format="INTERMARC" id="ark:/12148/cb139267614" type="Authority">   <mxc:leader>00509c1 au22000272  45  </mxc:leader>   <mxc:controlfield tag="001">FRBNF13926761X</mxc:controlfield>   <mxc:controlfield tag="003">http://catalogue.bnf.fr/ark:/12148/cb139267614</mxc:controlfield>   <mxc:controlfield tag="008">900530180116yyger mo        1776                             1   </mxc:controlfield>   <mxc:datafield tag="048" ind1=" " ind2=" ">      <mxc:subfield code="b">vc01</mxc:subfield>      <mxc:subfield code="a">ca02</mxc:subfield>      <mxc:subfield code="a">oh01</mxc:subfield>   </mxc:datafield>   <mxc:datafield tag="100" ind1=" " ind2=" ">      <mxc:subfield code="3">13975298</mxc:subfield>      <mxc:subfield code="1">ISNI0000000110198135</mxc:subfield>      <mxc:subfield code="w"> 0  b     </mxc:subfield>      <mxc:subfield code="a">Bach</mxc:subfield>      <mxc:subfield code="m">Carl Philipp Emanuel</mxc:subfield>      <mxc:subfield code="d">1714-1788</mxc:subfield>   </mxc:datafield>   <mxc:datafield tag="144" ind1="1" ind2=" ">      <mxc:subfield code="w">....b.ger.</mxc:subfield>      <mxc:subfield code="a">Heilig</mxc:subfield>      <mxc:subfield code="k">H 778</mxc:subfield>   </mxc:datafield>   <mxc:datafield tag="444" ind1="1" ind2=" ">      <mxc:subfield code="w">....b.ger.</mxc:subfield>      <mxc:subfield code="a">Heilig</mxc:subfield>      <mxc:subfield code="k">Wq 217</mxc:subfield>   </mxc:datafield>   <mxc:datafield tag="600" ind1=" " ind2=" ">      <mxc:subfield code="a">Texte tiré d'Isaïe et du Te Deum, dans la traduction de Luther</mxc:subfield>   </mxc:datafield>   <mxc:datafield tag="609" ind1=" " ind2=" ">      <mxc:subfield code="r">com0</mxc:subfield>      <mxc:subfield code="d">1776</mxc:subfield>   </mxc:datafield>   <mxc:datafield tag="609" ind1=" " ind2=" ">      <mxc:subfield code="r">edi1</mxc:subfield>      <mxc:subfield code="a">Hamburg</mxc:subfield>      <mxc:subfield code="d">1779</mxc:subfield>   </mxc:datafield>   <mxc:datafield tag="610" ind1=" " ind2=" ">      <mxc:subfield code="a">Helm, C. P. E. Bach</mxc:subfield>   </mxc:datafield>   <mxc:datafield tag="610" ind1=" " ind2=" ">      <mxc:subfield code="a">Grove Music Online</mxc:subfield>      <mxc:subfield code="u">http://www.oxfordmusiconline.com</mxc:subfield>      <mxc:subfield code="d">2016-03-24</mxc:subfield>   </mxc:datafield>   <mxc:datafield tag="917" ind1=" " ind2=" ">      <mxc:subfield code="o">OPC</mxc:subfield>      <mxc:subfield code="a">100572060</mxc:subfield>   </mxc:datafield>
</mxc:record>      </srw:recordData>
<srw:recordIdentifier>ark:/12148/cb139267614</srw:recordIdentifier>
<srw:recordPosition>9</srw:recordPosition>
<srw:extraRecordData>
<ixm:attr name="CreationDate">19900530</ixm:attr>
<ixm:attr name="LastModificationDate">20180116</ixm:attr>
<mn:score>1.8017349</mn:score>
</srw:extraRecordData>
</srw:record>