
<srw:record>
<srw:recordSchema>marcxchange</srw:recordSchema>
<srw:recordPacking>xml</srw:recordPacking>
<srw:recordData>
<mxc:record xmlns:mxc="info:lc/xmlns/marcxchange-v2" format="INTERMARC" id="ark:/12148/cb13926272d" type="Authority">   <mxc:leader>00692c0 au22000272  45  </mxc:leader>   <mxc:controlfield tag="001">FRBNF139262726</mxc:controlfield>   <mxc:controlfield tag="003">http://catalogue.bnf.fr/ark:/12148/cb13926272d</mxc:controlfield>   <mxc:controlfield tag="008">900514131022yyfre opc       1878                             1   </mxc:controlfield>   <mxc:datafield tag="048" ind1=" " ind2=" ">      <mxc:subfield code="b">va02</mxc:subfield>      <mxc:subfield code="b">vz01</mxc:subfield>      <mxc:subfield code="b">vd02</mxc:subfield>      <mxc:subfield code="b">ve02</mxc:subfield>      <mxc:subfield code="b">vf01</mxc:subfield>      <mxc:subfield code="a">ca01</mxc:subfield>      <mxc:subfield code="a">oa01</mxc:subfield>   </mxc:datafield>   <mxc:datafield tag="100" ind1=" " ind2=" ">      <mxc:subfield code="3">13898195</mxc:subfield>      <mxc:subfield code="1">ISNI0000000083714439</mxc:subfield>      <mxc:subfield code="w">.0..b.....</mxc:subfield>      <mxc:subfield code="a">Paladilhe</mxc:subfield>      <mxc:subfield code="m">Émile</mxc:subfield>      <mxc:subfield code="d">1844-1926</mxc:subfield>   </mxc:datafield>   <mxc:datafield tag="144" ind1="1" ind2=" ">      <mxc:subfield code="w">....b.fre.</mxc:subfield>      <mxc:subfield code="a">Suzanne</mxc:subfield>   </mxc:datafield>   <mxc:datafield tag="322" ind1="6" ind2=" ">      <mxc:subfield code="3">13009774</mxc:subfield>      <mxc:subfield code="9">100</mxc:subfield>      <mxc:subfield code="w">.0.2b.....</mxc:subfield>      <mxc:subfield code="a">Lockroy</mxc:subfield>      <mxc:subfield code="d">1803-1891</mxc:subfield>   </mxc:datafield>   <mxc:datafield tag="322" ind1="6" ind2=" ">      <mxc:subfield code="3">12780915</mxc:subfield>      <mxc:subfield code="9">100</mxc:subfield>      <mxc:subfield code="w">.0.2b.....</mxc:subfield>      <mxc:subfield code="a">Cormon</mxc:subfield>      <mxc:subfield code="m">Eugène</mxc:subfield>      <mxc:subfield code="d">1811-1903</mxc:subfield>   </mxc:datafield>   <mxc:datafield tag="600" ind1=" " ind2=" ">      <mxc:subfield code="a">Opéra-comique en 3 actes</mxc:subfield>      <mxc:subfield code="a">1re représentation : Paris, Opéra-Comique (salle Favart), 30 décembre 1878</mxc:subfield>   </mxc:datafield>   <mxc:datafield tag="608" ind1=" " ind2=" ">      <mxc:subfield code="b">Suzanne, Éva (sopranos)</mxc:subfield>      <mxc:subfield code="b">Bob (soprano enfant)</mxc:subfield>      <mxc:subfield code="b">Richard Edwin, Barnett (ténors)</mxc:subfield>      <mxc:subfield code="b">Harry, Peperley (barytons)</mxc:subfield>      <mxc:subfield code="b">Lyonel (basse)</mxc:subfield>   </mxc:datafield>   <mxc:datafield tag="610" ind1=" " ind2=" ">      <mxc:subfield code="a">Grove music online</mxc:subfield>      <mxc:subfield code="u">http://www.oxfordmusiconline.com</mxc:subfield>      <mxc:subfield code="d">2013-10-19</mxc:subfield>   </mxc:datafield>   <mxc:datafield tag="917" ind1=" " ind2=" ">      <mxc:subfield code="o">OPC</mxc:subfield>      <mxc:subfield code="a">100566910</mxc:subfield>   </mxc:datafield>
</mxc:record>      </srw:recordData>
<srw:recordIdentifier>ark:/12148/cb13926272d</srw:recordIdentifier>
<srw:recordPosition>10</srw:recordPosition>
<srw:extraRecordData>
<ixm:attr name="CreationDate">19900514</ixm:attr>
<ixm:attr name="LastModificationDate">20131022</ixm:attr>
<mn:score>1.8017349</mn:score>
</srw:extraRecordData>
</srw:record>