
<srw:record>
<srw:recordSchema>marcxchange</srw:recordSchema>
<srw:recordPacking>xml</srw:recordPacking>
<srw:recordData>
<mxc:record xmlns:mxc="info:lc/xmlns/marcxchange-v2" format="INTERMARC" id="ark:/12148/cb139260109" type="Authority">   <mxc:leader>00345c1 au22000272  45  </mxc:leader>   <mxc:controlfield tag="001">FRBNF139260102</mxc:controlfield>   <mxc:controlfield tag="003">http://catalogue.bnf.fr/ark:/12148/cb139260109</mxc:controlfield>   <mxc:controlfield tag="008">900502990726yy    qua       1807      ....                   1   </mxc:controlfield>   <mxc:datafield tag="048" ind1=" " ind2=" ">      <mxc:subfield code="a">wa01</mxc:subfield>      <mxc:subfield code="a">sa01</mxc:subfield>      <mxc:subfield code="a">sb01</mxc:subfield>      <mxc:subfield code="a">sc01</mxc:subfield>   </mxc:datafield>   <mxc:datafield tag="100" ind1=" " ind2=" ">      <mxc:subfield code="3">14785643</mxc:subfield>      <mxc:subfield code="1">ISNI0000000109145079</mxc:subfield>      <mxc:subfield code="w">.0..b.....</mxc:subfield>      <mxc:subfield code="a">Pleyel</mxc:subfield>      <mxc:subfield code="m">Ignaz</mxc:subfield>      <mxc:subfield code="d">1757-1831</mxc:subfield>   </mxc:datafield>   <mxc:datafield tag="144" ind1="1" ind2=" ">      <mxc:subfield code="w">....b.....</mxc:subfield>      <mxc:subfield code="a">Quatuors</mxc:subfield>      <mxc:subfield code="b">Flûte, trio à cordes</mxc:subfield>      <mxc:subfield code="p">Op. 41, no 2</mxc:subfield>      <mxc:subfield code="t">Fa majeur</mxc:subfield>   </mxc:datafield>   <mxc:datafield tag="600" ind1=" " ind2=" ">      <mxc:subfield code="a">Date de composition : 1807</mxc:subfield>   </mxc:datafield>   <mxc:datafield tag="610" ind1=" " ind2=" ">      <mxc:subfield code="a">Grove 6</mxc:subfield>   </mxc:datafield>   <mxc:datafield tag="917" ind1=" " ind2=" ">      <mxc:subfield code="o">OPC</mxc:subfield>      <mxc:subfield code="a">100564140</mxc:subfield>   </mxc:datafield>
</mxc:record>      </srw:recordData>
<srw:recordIdentifier>ark:/12148/cb139260109</srw:recordIdentifier>
<srw:recordPosition>11</srw:recordPosition>
<srw:extraRecordData>
<ixm:attr name="CreationDate">19900502</ixm:attr>
<ixm:attr name="LastModificationDate">20101108</ixm:attr>
<mn:score>1.8017349</mn:score>
</srw:extraRecordData>
</srw:record>