
<srw:record>
<srw:recordSchema>marcxchange</srw:recordSchema>
<srw:recordPacking>xml</srw:recordPacking>
<srw:recordData>
<mxc:record xmlns:mxc="info:lc/xmlns/marcxchange-v2" format="INTERMARC" id="ark:/12148/cb139269145" type="Authority">   <mxc:leader>00754c1 au22000272  45  </mxc:leader>   <mxc:controlfield tag="001">FRBNF139269140</mxc:controlfield>   <mxc:controlfield tag="003">http://catalogue.bnf.fr/ark:/12148/cb139269145</mxc:controlfield>   <mxc:controlfield tag="008">900601090904yyger ter       1796      1801                   1   </mxc:controlfield>   <mxc:datafield tag="048" ind1=" " ind2=" ">      <mxc:subfield code="a">va01</mxc:subfield>      <mxc:subfield code="a">vc01</mxc:subfield>      <mxc:subfield code="a">vd01</mxc:subfield>      <mxc:subfield code="a">kc01</mxc:subfield>   </mxc:datafield>   <mxc:datafield tag="100" ind1=" " ind2=" ">      <mxc:subfield code="3">13895053</mxc:subfield>      <mxc:subfield code="1">ISNI0000000121441049</mxc:subfield>      <mxc:subfield code="w"> 0  b     </mxc:subfield>      <mxc:subfield code="a">Haydn</mxc:subfield>      <mxc:subfield code="m">Joseph</mxc:subfield>      <mxc:subfield code="d">1732-1809</mxc:subfield>   </mxc:datafield>   <mxc:datafield tag="144" ind1="1" ind2=" ">      <mxc:subfield code="w">....b.ger.</mxc:subfield>      <mxc:subfield code="a">An den Vetter</mxc:subfield>      <mxc:subfield code="k">Hob XXVb 1</mxc:subfield>   </mxc:datafield>   <mxc:datafield tag="301" ind1="8" ind2=" ">      <mxc:subfield code="3">18079405</mxc:subfield>      <mxc:subfield code="a">Saint-Saëns</mxc:subfield>      <mxc:subfield code="m">Camille</mxc:subfield>      <mxc:subfield code="d">1835-1921</mxc:subfield>      <mxc:subfield code="t">[Transcriptions. Haydn, Joseph. An den Vetter. Trio vocal et orch.. R. 239]</mxc:subfield>   </mxc:datafield>   <mxc:datafield tag="322" ind1="8" ind2=" ">      <mxc:subfield code="3">11997083</mxc:subfield>      <mxc:subfield code="9">100</mxc:subfield>      <mxc:subfield code="w">.0..b.....</mxc:subfield>      <mxc:subfield code="a">Weisse</mxc:subfield>      <mxc:subfield code="m">Christian Felix</mxc:subfield>      <mxc:subfield code="d">1726-1804</mxc:subfield>   </mxc:datafield>   <mxc:datafield tag="444" ind1="1" ind2=" ">      <mxc:subfield code="w">....b.ger.</mxc:subfield>      <mxc:subfield code="a">Ja, Vetter, ja</mxc:subfield>      <mxc:subfield code="k">Hob XXVb 1</mxc:subfield>   </mxc:datafield>   <mxc:datafield tag="502" ind1=" " ind2=" ">      <mxc:subfield code="3">15599452</mxc:subfield>      <mxc:subfield code="a">Haydn</mxc:subfield>      <mxc:subfield code="m">Joseph</mxc:subfield>      <mxc:subfield code="d">1732-1809</mxc:subfield>      <mxc:subfield code="t">[Ramler's lyrische Blumenlese]</mxc:subfield>   </mxc:datafield>   <mxc:datafield tag="600" ind1=" " ind2=" ">      <mxc:subfield code="a">Dates de composition : 1796-1801</mxc:subfield>      <mxc:subfield code="a">1re éd. : Leipzig : Breitkopf &amp; Härtel, 1803</mxc:subfield>   </mxc:datafield>   <mxc:datafield tag="610" ind1=" " ind2=" ">      <mxc:subfield code="a">Hoboken, Haydn</mxc:subfield>      <mxc:subfield code="a">J. Haydn Werke. Reihe 30 : Mehrstimmige Gesänge. G. Henle, 1958</mxc:subfield>   </mxc:datafield>   <mxc:datafield tag="917" ind1=" " ind2=" ">      <mxc:subfield code="o">OPC</mxc:subfield>      <mxc:subfield code="a">100573590</mxc:subfield>   </mxc:datafield>
</mxc:record>      </srw:recordData>
<srw:recordIdentifier>ark:/12148/cb139269145</srw:recordIdentifier>
<srw:recordPosition>16</srw:recordPosition>
<srw:extraRecordData>
<ixm:attr name="CreationDate">19900601</ixm:attr>
<ixm:attr name="LastModificationDate">20101108</ixm:attr>
<mn:score>1.8017349</mn:score>
</srw:extraRecordData>
</srw:record>