
<srw:record>
<srw:recordSchema>marcxchange</srw:recordSchema>
<srw:recordPacking>xml</srw:recordPacking>
<srw:recordData>
<mxc:record xmlns:mxc="info:lc/xmlns/marcxchange-v2" format="INTERMARC" id="ark:/12148/cb13926571w" type="Authority">   <mxc:leader>00674c01au22000272  45  </mxc:leader>   <mxc:controlfield tag="001">FRBNF139265715</mxc:controlfield>   <mxc:controlfield tag="003">http://catalogue.bnf.fr/ark:/12148/cb13926571w</mxc:controlfield>   <mxc:controlfield tag="008">900521191213yy    sy        1760    ?                            </mxc:controlfield>   <mxc:datafield tag="048" ind1=" " ind2=" ">      <mxc:subfield code="a">sa02</mxc:subfield>      <mxc:subfield code="a">sc01</mxc:subfield>      <mxc:subfield code="a">zb  </mxc:subfield>   </mxc:datafield>   <mxc:datafield tag="100" ind1=" " ind2=" ">      <mxc:subfield code="3">13895053</mxc:subfield>      <mxc:subfield code="1">ISNI0000000121441049</mxc:subfield>      <mxc:subfield code="w"> 0  b     </mxc:subfield>      <mxc:subfield code="a">Haydn</mxc:subfield>      <mxc:subfield code="m">Joseph</mxc:subfield>      <mxc:subfield code="d">1732-1809</mxc:subfield>   </mxc:datafield>   <mxc:datafield tag="144" ind1="1" ind2=" ">      <mxc:subfield code="w">....b.fre.</mxc:subfield>      <mxc:subfield code="a">Symphonies</mxc:subfield>      <mxc:subfield code="k">Hob II 47</mxc:subfield>      <mxc:subfield code="t">Do majeur</mxc:subfield>   </mxc:datafield>   <mxc:datafield tag="301" ind1=" " ind2=" ">      <mxc:subfield code="3">13916555</mxc:subfield>      <mxc:subfield code="t">[Kindersinfonie]</mxc:subfield>   </mxc:datafield>   <mxc:datafield tag="444" ind1="1" ind2=" ">      <mxc:subfield code="w">....b.ger.</mxc:subfield>      <mxc:subfield code="a">Kinder-Sinfonie</mxc:subfield>      <mxc:subfield code="k">Hob II 47</mxc:subfield>   </mxc:datafield>   <mxc:datafield tag="444" ind1="1" ind2=" ">      <mxc:subfield code="w">....b.fre.</mxc:subfield>      <mxc:subfield code="a">Symphonie des jouets</mxc:subfield>      <mxc:subfield code="k">Hob II 47</mxc:subfield>   </mxc:datafield>   <mxc:datafield tag="444" ind1="1" ind2=" ">      <mxc:subfield code="w">....b.fre.</mxc:subfield>      <mxc:subfield code="a">Symphonie burlesque</mxc:subfield>      <mxc:subfield code="k">Hob II 47</mxc:subfield>   </mxc:datafield>   <mxc:datafield tag="600" ind1=" " ind2=" ">      <mxc:subfield code="a">Autrefois attribuée à tort à J. Haydn, aujourd'hui à Leopold Mozart, Michael Haydn ou Edmund Angerer</mxc:subfield>      <mxc:subfield code="a">Date de composition : ca 1760</mxc:subfield>   </mxc:datafield>   <mxc:datafield tag="610" ind1=" " ind2=" ">      <mxc:subfield code="a">Hoboken</mxc:subfield>   </mxc:datafield>   <mxc:datafield tag="610" ind1=" " ind2=" ">      <mxc:subfield code="a">Grove music online</mxc:subfield>      <mxc:subfield code="u">http://www.oxfordmusiconline.com</mxc:subfield>      <mxc:subfield code="d">2009-04-06</mxc:subfield>   </mxc:datafield>   <mxc:datafield tag="917" ind1=" " ind2=" ">      <mxc:subfield code="o">OPC</mxc:subfield>      <mxc:subfield code="a">100570020</mxc:subfield>   </mxc:datafield>
</mxc:record>      </srw:recordData>
<srw:recordIdentifier>ark:/12148/cb13926571w</srw:recordIdentifier>
<srw:recordPosition>17</srw:recordPosition>
<srw:extraRecordData>
<ixm:attr name="CreationDate">19900521</ixm:attr>
<ixm:attr name="LastModificationDate">20191213</ixm:attr>
<mn:score>1.8017349</mn:score>
</srw:extraRecordData>
</srw:record>