
<srw:record>
<srw:recordSchema>marcxchange</srw:recordSchema>
<srw:recordPacking>xml</srw:recordPacking>
<srw:recordData>
<mxc:record xmlns:mxc="info:lc/xmlns/marcxchange-v2" format="INTERMARC" id="ark:/12148/cb13926720j" type="Authority">   <mxc:leader>00319c1 au22000272  45  </mxc:leader>   <mxc:controlfield tag="001">FRBNF139267207</mxc:controlfield>   <mxc:controlfield tag="003">http://catalogue.bnf.fr/ark:/12148/cb13926720j</mxc:controlfield>   <mxc:controlfield tag="008">900529960712yy    sn        17..      ....                   1   </mxc:controlfield>   <mxc:datafield tag="048" ind1=" " ind2=" ">      <mxc:subfield code="a">kn01</mxc:subfield>   </mxc:datafield>   <mxc:datafield tag="100" ind1=" " ind2=" ">      <mxc:subfield code="3">13899904</mxc:subfield>      <mxc:subfield code="1">ISNI0000000109062038</mxc:subfield>      <mxc:subfield code="w"> 0  b spa </mxc:subfield>      <mxc:subfield code="a">Soler</mxc:subfield>      <mxc:subfield code="m">Antonio</mxc:subfield>      <mxc:subfield code="d">1729-1783</mxc:subfield>   </mxc:datafield>   <mxc:datafield tag="144" ind1="1" ind2=" ">      <mxc:subfield code="w">....b.....</mxc:subfield>      <mxc:subfield code="a">Sonates</mxc:subfield>      <mxc:subfield code="b">Clavier</mxc:subfield>      <mxc:subfield code="n">No 54</mxc:subfield>      <mxc:subfield code="k">R 389</mxc:subfield>      <mxc:subfield code="t">Do majeur</mxc:subfield>   </mxc:datafield>   <mxc:datafield tag="600" ind1=" " ind2=" ">      <mxc:subfield code="a">Date de composition : 17..</mxc:subfield>   </mxc:datafield>   <mxc:datafield tag="610" ind1=" " ind2=" ">      <mxc:subfield code="a">Rubio, Soler</mxc:subfield>   </mxc:datafield>   <mxc:datafield tag="917" ind1=" " ind2=" ">      <mxc:subfield code="o">OPC</mxc:subfield>      <mxc:subfield code="a">100571630</mxc:subfield>   </mxc:datafield>
</mxc:record>      </srw:recordData>
<srw:recordIdentifier>ark:/12148/cb13926720j</srw:recordIdentifier>
<srw:recordPosition>18</srw:recordPosition>
<srw:extraRecordData>
<ixm:attr name="CreationDate">19900529</ixm:attr>
<ixm:attr name="LastModificationDate">20101108</ixm:attr>
<mn:score>1.8017349</mn:score>
</srw:extraRecordData>
</srw:record>
<srw:record>
<srw:recordSchema>marcxchange</srw:recordSchema>
<srw:recordPacking>xml</srw:recordPacking>
<srw:recordData>
<mxc:record xmlns:mxc="info:lc/xmlns/marcxchange-v2" format="INTERMARC" id="ark:/12148/cb13926224j" type="Authority">   <mxc:leader>00335c1 au22000272  45  </mxc:leader>   <mxc:controlfield tag="001">FRBNF139262249</mxc:controlfield>   <mxc:controlfield tag="003">http://catalogue.bnf.fr/ark:/12148/cb13926224j</mxc:controlfield>   <mxc:controlfield tag="008">900511990726yyfre sg        1791    ? ....                   1   </mxc:controlfield>   <mxc:datafield tag="048" ind1=" " ind2=" ">      <mxc:subfield code="a">vd01</mxc:subfield>      <mxc:subfield code="a">vf01</mxc:subfield>      <mxc:subfield code="a">sa02</mxc:subfield>      <mxc:subfield code="a">sz01</mxc:subfield>   </mxc:datafield>   <mxc:datafield tag="144" ind1="0" ind2=" ">      <mxc:subfield code="w">....b.....</mxc:subfield>      <mxc:subfield code="a">Poursuite et retour de la famille ci-devant royale</mxc:subfield>   </mxc:datafield>   <mxc:datafield tag="600" ind1=" " ind2=" ">      <mxc:subfield code="a">Chanson faisant suite à la fuite de la famille royale</mxc:subfield>   </mxc:datafield>   <mxc:datafield tag="600" ind1=" " ind2=" ">      <mxc:subfield code="a">Date de composition : ca 1791</mxc:subfield>   </mxc:datafield>   <mxc:datafield tag="917" ind1=" " ind2=" ">      <mxc:subfield code="o">OPC</mxc:subfield>      <mxc:subfield code="a">100566410</mxc:subfield>   </mxc:datafield>
</mxc:record>      </srw:recordData>
<srw:recordIdentifier>ark:/12148/cb13926224j</srw:recordIdentifier>
<srw:recordPosition>19</srw:recordPosition>
<srw:extraRecordData>
<ixm:attr name="CreationDate">19900511</ixm:attr>
<ixm:attr name="LastModificationDate">20101108</ixm:attr>
<mn:score>1.8017349</mn:score>
</srw:extraRecordData>
</srw:record>
<srw:record>
<srw:recordSchema>marcxchange</srw:recordSchema>
<srw:recordPacking>xml</srw:recordPacking>
<srw:recordData>
<mxc:record xmlns:mxc="info:lc/xmlns/marcxchange-v2" format="INTERMARC" id="ark:/12148/cb13926242g" type="Authority">   <mxc:leader>00235c1 au22000272  45  </mxc:leader>   <mxc:controlfield tag="001">FRBNF139262427</mxc:controlfield>   <mxc:controlfield tag="003">http://catalogue.bnf.fr/ark:/12148/cb13926242g</mxc:controlfield>   <mxc:controlfield tag="008">900511990726yyfre sg        1793      ....                   1   </mxc:controlfield>   <mxc:datafield tag="048" ind1=" " ind2=" ">      <mxc:subfield code="a">vz01</mxc:subfield>   </mxc:datafield>   <mxc:datafield tag="144" ind1="0" ind2=" ">      <mxc:subfield code="w">....b.....</mxc:subfield>      <mxc:subfield code="a">Chanson sur la mort de Louis XVI</mxc:subfield>   </mxc:datafield>   <mxc:datafield tag="600" ind1=" " ind2=" ">      <mxc:subfield code="a">Date de composition : 1793</mxc:subfield>   </mxc:datafield>   <mxc:datafield tag="917" ind1=" " ind2=" ">      <mxc:subfield code="o">OPC</mxc:subfield>      <mxc:subfield code="a">100566590</mxc:subfield>   </mxc:datafield>
</mxc:record>      </srw:recordData>
<srw:recordIdentifier>ark:/12148/cb13926242g</srw:recordIdentifier>
<srw:recordPosition>20</srw:recordPosition>
<srw:extraRecordData>
<ixm:attr name="CreationDate">19900511</ixm:attr>
<ixm:attr name="LastModificationDate">20101108</ixm:attr>
<mn:score>1.8017349</mn:score>
</srw:extraRecordData>
</srw:record>