
<srw:record>
<srw:recordSchema>marcxchange</srw:recordSchema>
<srw:recordPacking>xml</srw:recordPacking>
<srw:recordData>
<mxc:record xmlns:mxc="info:lc/xmlns/marcxchange-v2" format="INTERMARC" id="ark:/12148/cb13926302h" type="Authority">   <mxc:leader>00330c1 au22000272  45  </mxc:leader>   <mxc:controlfield tag="001">FRBNF139263027</mxc:controlfield>   <mxc:controlfield tag="003">http://catalogue.bnf.fr/ark:/12148/cb13926302h</mxc:controlfield>   <mxc:controlfield tag="008">900515980624yy    qua       ....      ....                   1   </mxc:controlfield>   <mxc:datafield tag="048" ind1=" " ind2=" ">      <mxc:subfield code="a">sa02</mxc:subfield>      <mxc:subfield code="a">sb01</mxc:subfield>      <mxc:subfield code="a">sc01</mxc:subfield>   </mxc:datafield>   <mxc:datafield tag="100" ind1=" " ind2=" ">      <mxc:subfield code="3">13896112</mxc:subfield>      <mxc:subfield code="1">ISNI0000000108634436</mxc:subfield>      <mxc:subfield code="w"> 0  b     </mxc:subfield>      <mxc:subfield code="a">Korngold</mxc:subfield>      <mxc:subfield code="m">Erich Wolfgang</mxc:subfield>      <mxc:subfield code="d">1897-1957</mxc:subfield>   </mxc:datafield>   <mxc:datafield tag="144" ind1="1" ind2=" ">      <mxc:subfield code="w">....b.....</mxc:subfield>      <mxc:subfield code="a">Quatuors</mxc:subfield>      <mxc:subfield code="b">Cordes</mxc:subfield>      <mxc:subfield code="n">No 1</mxc:subfield>      <mxc:subfield code="p">Op. 16</mxc:subfield>      <mxc:subfield code="t">La majeur</mxc:subfield>   </mxc:datafield>   <mxc:datafield tag="600" ind1=" " ind2=" ">      <mxc:subfield code="a">1re exécution : 1924</mxc:subfield>   </mxc:datafield>   <mxc:datafield tag="610" ind1=" " ind2=" ">      <mxc:subfield code="a">Grove 6</mxc:subfield>   </mxc:datafield>   <mxc:datafield tag="917" ind1=" " ind2=" ">      <mxc:subfield code="o">OPC</mxc:subfield>      <mxc:subfield code="a">100567220</mxc:subfield>   </mxc:datafield>
</mxc:record>      </srw:recordData>
<srw:recordIdentifier>ark:/12148/cb13926302h</srw:recordIdentifier>
<srw:recordPosition>21</srw:recordPosition>
<srw:extraRecordData>
<ixm:attr name="CreationDate">19900515</ixm:attr>
<ixm:attr name="LastModificationDate">20101108</ixm:attr>
<mn:score>1.8017349</mn:score>
</srw:extraRecordData>
</srw:record>