
<srw:record>
<srw:recordSchema>marcxchange</srw:recordSchema>
<srw:recordPacking>xml</srw:recordPacking>
<srw:recordData>
<mxc:record xmlns:mxc="info:lc/xmlns/marcxchange-v2" format="INTERMARC" id="ark:/12148/cb13926624n" type="Authority">   <mxc:leader>00482c1 au22000272  45  </mxc:leader>   <mxc:controlfield tag="001">FRBNF139266240</mxc:controlfield>   <mxc:controlfield tag="003">http://catalogue.bnf.fr/ark:/12148/cb13926624n</mxc:controlfield>   <mxc:controlfield tag="008">900522140127yyita md        1619      ....                   1   </mxc:controlfield>   <mxc:datafield tag="048" ind1=" " ind2=" ">      <mxc:subfield code="a">vz03</mxc:subfield>      <mxc:subfield code="a">zb01</mxc:subfield>   </mxc:datafield>   <mxc:datafield tag="100" ind1=" " ind2=" ">      <mxc:subfield code="3">13897646</mxc:subfield>      <mxc:subfield code="1">ISNI0000000122791833</mxc:subfield>      <mxc:subfield code="w"> 0  b     </mxc:subfield>      <mxc:subfield code="a">Monteverdi</mxc:subfield>      <mxc:subfield code="m">Claudio</mxc:subfield>      <mxc:subfield code="d">1567-1643</mxc:subfield>   </mxc:datafield>   <mxc:datafield tag="144" ind1="1" ind2=" ">      <mxc:subfield code="w">....b.....</mxc:subfield>      <mxc:subfield code="a">Vorrei baciarti, o Filli</mxc:subfield>      <mxc:subfield code="k">SV 123</mxc:subfield>   </mxc:datafield>   <mxc:datafield tag="502" ind1=" " ind2=" ">      <mxc:subfield code="3">13916479</mxc:subfield>      <mxc:subfield code="a">Monteverdi</mxc:subfield>      <mxc:subfield code="m">Claudio</mxc:subfield>      <mxc:subfield code="d">1567-1643</mxc:subfield>      <mxc:subfield code="t">[Madrigaux. Livre 7. SV 117-145]</mxc:subfield>   </mxc:datafield>   <mxc:datafield tag="600" ind1=" " ind2=" ">      <mxc:subfield code="a">Madrigal à 2 voix et basse continue extrait du livre 7</mxc:subfield>      <mxc:subfield code="a">Texte de Giambattista Marini</mxc:subfield>   </mxc:datafield>   <mxc:datafield tag="600" ind1=" " ind2=" ">      <mxc:subfield code="a">1re édition : 1619</mxc:subfield>   </mxc:datafield>   <mxc:datafield tag="610" ind1=" " ind2=" ">      <mxc:subfield code="a">Grove 6</mxc:subfield>   </mxc:datafield>   <mxc:datafield tag="917" ind1=" " ind2=" ">      <mxc:subfield code="o">OPC</mxc:subfield>      <mxc:subfield code="a">100570560</mxc:subfield>   </mxc:datafield>
</mxc:record>      </srw:recordData>
<srw:recordIdentifier>ark:/12148/cb13926624n</srw:recordIdentifier>
<srw:recordPosition>24</srw:recordPosition>
<srw:extraRecordData>
<ixm:attr name="CreationDate">19900522</ixm:attr>
<ixm:attr name="LastModificationDate">20140127</ixm:attr>
<mn:score>1.8017349</mn:score>
</srw:extraRecordData>
</srw:record>