
<srw:record>
<srw:recordSchema>marcxchange</srw:recordSchema>
<srw:recordPacking>xml</srw:recordPacking>
<srw:recordData>
<mxc:record xmlns:mxc="info:lc/xmlns/marcxchange-v2" format="INTERMARC" id="ark:/12148/cb13926640w" type="Authority">   <mxc:leader>00660c0 au22000272  45  </mxc:leader>   <mxc:controlfield tag="001">FRBNF139266404</mxc:controlfield>   <mxc:controlfield tag="003">http://catalogue.bnf.fr/ark:/12148/cb13926640w</mxc:controlfield>   <mxc:controlfield tag="008">900523110802yy    co                                         1   </mxc:controlfield>   <mxc:datafield tag="048" ind1=" " ind2=" ">      <mxc:subfield code="a">wa01</mxc:subfield>      <mxc:subfield code="a">wb01</mxc:subfield>      <mxc:subfield code="a">sa01</mxc:subfield>      <mxc:subfield code="a">wd01</mxc:subfield>      <mxc:subfield code="a">zb01</mxc:subfield>   </mxc:datafield>   <mxc:datafield tag="100" ind1=" " ind2=" ">      <mxc:subfield code="3">13900896</mxc:subfield>      <mxc:subfield code="1">ISNI0000000121299169</mxc:subfield>      <mxc:subfield code="w"> 0  b     </mxc:subfield>      <mxc:subfield code="a">Vivaldi</mxc:subfield>      <mxc:subfield code="m">Antonio</mxc:subfield>      <mxc:subfield code="d">1678-1741</mxc:subfield>   </mxc:datafield>   <mxc:datafield tag="144" ind1="1" ind2=" ">      <mxc:subfield code="w">....b.....</mxc:subfield>      <mxc:subfield code="a">Concertos</mxc:subfield>      <mxc:subfield code="b">Basson, flûte, hautbois, violon, basse continue</mxc:subfield>      <mxc:subfield code="k">RV 99</mxc:subfield>      <mxc:subfield code="t">Fa majeur</mxc:subfield>   </mxc:datafield>   <mxc:datafield tag="444" ind1="1" ind2=" ">      <mxc:subfield code="w">....b.....</mxc:subfield>      <mxc:subfield code="a">Concertos</mxc:subfield>      <mxc:subfield code="b">Basson, flûte, hautbois, violon, basse continue</mxc:subfield>      <mxc:subfield code="k">R 99</mxc:subfield>      <mxc:subfield code="t">Fa majeur</mxc:subfield>   </mxc:datafield>   <mxc:datafield tag="444" ind1="1" ind2=" ">      <mxc:subfield code="w">....b.....</mxc:subfield>      <mxc:subfield code="a">Concertos</mxc:subfield>      <mxc:subfield code="b">Basson, flûte, hautbois, violon, basse continue</mxc:subfield>      <mxc:subfield code="p">Op. 44, no 17</mxc:subfield>      <mxc:subfield code="t">Fa majeur</mxc:subfield>   </mxc:datafield>   <mxc:datafield tag="600" ind1=" " ind2=" ">      <mxc:subfield code="a">No 147 de l'éd. Malipiero</mxc:subfield>   </mxc:datafield>   <mxc:datafield tag="610" ind1=" " ind2=" ">      <mxc:subfield code="a">Ryom</mxc:subfield>   </mxc:datafield>   <mxc:datafield tag="917" ind1=" " ind2=" ">      <mxc:subfield code="o">OPC</mxc:subfield>      <mxc:subfield code="a">100570720</mxc:subfield>   </mxc:datafield>   <mxc:datafield tag="917" ind1=" " ind2=" ">      <mxc:subfield code="o">OPD</mxc:subfield>      <mxc:subfield code="a">100164450</mxc:subfield>      <mxc:subfield code="b">ATUM</mxc:subfield>   </mxc:datafield>   <mxc:datafield tag="996" ind1=" " ind2=" ">      <mxc:subfield code="o">OPP</mxc:subfield>      <mxc:subfield code="a">14793493</mxc:subfield>      <mxc:subfield code="d">20110802</mxc:subfield>   </mxc:datafield>   <mxc:datafield tag="996" ind1=" " ind2=" ">      <mxc:subfield code="o">OPP</mxc:subfield>      <mxc:subfield code="a">13872543</mxc:subfield>      <mxc:subfield code="d">20110802</mxc:subfield>   </mxc:datafield>
</mxc:record>      </srw:recordData>
<srw:recordIdentifier>ark:/12148/cb13926640w</srw:recordIdentifier>
<srw:recordPosition>27</srw:recordPosition>
<srw:extraRecordData>
<ixm:attr name="CreationDate">19900523</ixm:attr>
<ixm:attr name="LastModificationDate">20110802</ixm:attr>
<mn:score>1.8017349</mn:score>
</srw:extraRecordData>
</srw:record>