
<srw:record>
<srw:recordSchema>marcxchange</srw:recordSchema>
<srw:recordPacking>xml</srw:recordPacking>
<srw:recordData>
<mxc:record xmlns:mxc="info:lc/xmlns/marcxchange-v2" format="INTERMARC" id="ark:/12148/cb13926564m" type="Authority">   <mxc:leader>00424c1 au22000272  45  </mxc:leader>   <mxc:controlfield tag="001">FRBNF139265640</mxc:controlfield>   <mxc:controlfield tag="003">http://catalogue.bnf.fr/ark:/12148/cb13926564m</mxc:controlfield>   <mxc:controlfield tag="008">900521090203yyger li        ....      ....                   1   </mxc:controlfield>   <mxc:datafield tag="048" ind1=" " ind2=" ">      <mxc:subfield code="a">vz01</mxc:subfield>      <mxc:subfield code="a">ka01</mxc:subfield>   </mxc:datafield>   <mxc:datafield tag="100" ind1=" " ind2=" ">      <mxc:subfield code="3">13899553</mxc:subfield>      <mxc:subfield code="1">ISNI0000000120958492</mxc:subfield>      <mxc:subfield code="w"> 0  b     </mxc:subfield>      <mxc:subfield code="a">Schubert</mxc:subfield>      <mxc:subfield code="m">Franz</mxc:subfield>      <mxc:subfield code="d">1797-1828</mxc:subfield>   </mxc:datafield>   <mxc:datafield tag="144" ind1="1" ind2=" ">      <mxc:subfield code="w">....b.....</mxc:subfield>      <mxc:subfield code="a">Alte Liebe rostet nie</mxc:subfield>      <mxc:subfield code="k">D 477</mxc:subfield>   </mxc:datafield>   <mxc:datafield tag="600" ind1=" " ind2=" ">      <mxc:subfield code="a">Texte de Johann Mayrhofer</mxc:subfield>      <mxc:subfield code="a">Date de composition : septembre 1816</mxc:subfield>      <mxc:subfield code="a">1re édition : 1895</mxc:subfield>   </mxc:datafield>   <mxc:datafield tag="610" ind1=" " ind2=" ">      <mxc:subfield code="a">Deutsch</mxc:subfield>   </mxc:datafield>   <mxc:datafield tag="917" ind1=" " ind2=" ">      <mxc:subfield code="o">OPC</mxc:subfield>      <mxc:subfield code="a">100569940</mxc:subfield>   </mxc:datafield>   <mxc:datafield tag="917" ind1=" " ind2=" ">      <mxc:subfield code="o">OPD</mxc:subfield>      <mxc:subfield code="a">100390430</mxc:subfield>      <mxc:subfield code="b">ATUM</mxc:subfield>   </mxc:datafield>   <mxc:datafield tag="996" ind1=" " ind2=" ">      <mxc:subfield code="o">OPP</mxc:subfield>      <mxc:subfield code="a">14813140</mxc:subfield>      <mxc:subfield code="d">20090203</mxc:subfield>   </mxc:datafield>
</mxc:record>      </srw:recordData>
<srw:recordIdentifier>ark:/12148/cb13926564m</srw:recordIdentifier>
<srw:recordPosition>28</srw:recordPosition>
<srw:extraRecordData>
<ixm:attr name="CreationDate">19900521</ixm:attr>
<ixm:attr name="LastModificationDate">20101108</ixm:attr>
<mn:score>1.8017349</mn:score>
</srw:extraRecordData>
</srw:record>