
<srw:record>
<srw:recordSchema>marcxchange</srw:recordSchema>
<srw:recordPacking>xml</srw:recordPacking>
<srw:recordData>
<mxc:record xmlns:mxc="info:lc/xmlns/marcxchange-v2" format="INTERMARC" id="ark:/12148/cb13926602b" type="Authority">   <mxc:leader>00561c0 au22000272  45  </mxc:leader>   <mxc:controlfield tag="001">FRBNF139266023</mxc:controlfield>   <mxc:controlfield tag="003">http://catalogue.bnf.fr/ark:/12148/cb13926602b</mxc:controlfield>   <mxc:controlfield tag="008">900522080826yy    zz        1892    ?                        1   </mxc:controlfield>   <mxc:datafield tag="048" ind1=" " ind2=" ">      <mxc:subfield code="a">ka01</mxc:subfield>   </mxc:datafield>   <mxc:datafield tag="100" ind1=" " ind2=" ">      <mxc:subfield code="3">13898840</mxc:subfield>      <mxc:subfield code="1">ISNI0000000121181144</mxc:subfield>      <mxc:subfield code="w"> 0  b     </mxc:subfield>      <mxc:subfield code="a">Ravel</mxc:subfield>      <mxc:subfield code="m">Maurice</mxc:subfield>      <mxc:subfield code="d">1875-1937</mxc:subfield>   </mxc:datafield>   <mxc:datafield tag="144" ind1="1" ind2=" ">      <mxc:subfield code="w">....b.fre.</mxc:subfield>      <mxc:subfield code="a">Sérénade grotesque</mxc:subfield>      <mxc:subfield code="k">O 5</mxc:subfield>   </mxc:datafield>   <mxc:datafield tag="502" ind1=" " ind2=" ">      <mxc:subfield code="3">14008992</mxc:subfield>      <mxc:subfield code="a">Ravel</mxc:subfield>      <mxc:subfield code="m">Maurice</mxc:subfield>      <mxc:subfield code="d">1875-1937</mxc:subfield>      <mxc:subfield code="t">[Musique pour piano seul]</mxc:subfield>   </mxc:datafield>   <mxc:datafield tag="600" ind1=" " ind2=" ">      <mxc:subfield code="a">Dédicace à Ricardo Viñes</mxc:subfield>      <mxc:subfield code="a">Date de composition : ca 1892-1893</mxc:subfield>      <mxc:subfield code="a">1re exécution : 13 avril 1901, par Ricardo Viñes</mxc:subfield>      <mxc:subfield code="a">1re éd. : New York : Salabert et ARIMA, 1975</mxc:subfield>   </mxc:datafield>   <mxc:datafield tag="610" ind1=" " ind2=" ">      <mxc:subfield code="a">Marnat, Ravel</mxc:subfield>   </mxc:datafield>   <mxc:datafield tag="917" ind1=" " ind2=" ">      <mxc:subfield code="o">OPC</mxc:subfield>      <mxc:subfield code="a">100570340</mxc:subfield>   </mxc:datafield>   <mxc:datafield tag="917" ind1=" " ind2=" ">      <mxc:subfield code="o">OPD</mxc:subfield>      <mxc:subfield code="a">100512080</mxc:subfield>      <mxc:subfield code="b">ATUM</mxc:subfield>   </mxc:datafield>   <mxc:datafield tag="996" ind1=" " ind2=" ">      <mxc:subfield code="o">OPP</mxc:subfield>      <mxc:subfield code="a">14824299</mxc:subfield>      <mxc:subfield code="d">20071114</mxc:subfield>   </mxc:datafield>
</mxc:record>      </srw:recordData>
<srw:recordIdentifier>ark:/12148/cb13926602b</srw:recordIdentifier>
<srw:recordPosition>30</srw:recordPosition>
<srw:extraRecordData>
<ixm:attr name="CreationDate">19900522</ixm:attr>
<ixm:attr name="LastModificationDate">20101108</ixm:attr>
<mn:score>1.8017349</mn:score>
</srw:extraRecordData>
</srw:record>
</srw:records>
<srw:nextRecordPosition>31</srw:nextRecordPosition>
</srw:searchRetrieveResponse>
